@article{ DesFish07,
author = {M. M. Desai AND D. S. Fisher},
title = {Beneficial mutation-selection balance and the effect of linkage on positive selection},
journal = {Genetics},
volume = {176},
number = {3},
pages = {1759-1798},
year = {2007}
}
@article{ YampStoltz01,
author = {Yampolsky, Stoltzfus},
title = {The impact of macroscopic epistasis on long-term evolutionary dynamics},
journal = {Genetics},
volume = {199},
number = {1},
pages = {177-190},
year = {2015}
}
@unpublished{ BertMas15,
author = {J. Bertram AND K. Gomez AND J. Masel},
title = {Predicting patterns of long-term adaptation and extinction with population genetics},
note = {Manuscript submitted for publication}
}
@article{ PriceEtAl15,
author = {D. P. Rice AND B. H. Good AND M. M. Desai},
title = {manuscript},
journal = {TBD},
volume = {1},
number = {1},
pages = {1},
year = {2015}
}
@article{ WisEtAl13,
author = {M. J. Wiser AND N. Ribeck AND R. E. Lenski},
title = {Long-term dynamics of adaptation in asexual populations},
journal = {Science},
volume = {342},
pages = {1364-1367},
year = {2013}
}
@article{ KryasEtAl09,
author = {S. Kryazhimskiy AND G. Tkacik AND J. B. Plotkin},
title = {The dynamics of adaptation on correlated fitness landscapes},
journal = {Proceedings of National Academy of Sciences},
volume = {106},
number = {44},
pages = {18638-18643},
year = {2009}
}
@article{ KryasEtAl14,
author = {S. Kryazhimskiy AND D. P. Rice AND E. R. Jerison AND M. M. Desai},
title = {Global epistasis makes adaptation predictable despite sequence-level stochasticity},
journal = {Science},
volume = {344},
pages = {1519-1522},
year = {2014}
}
@article{ KhanEtAl11,
author = {A. I. Khan AND D. M. Dinh AND D. Schneider AND R. E. Lenski AND T. F. Cooper},
title = {Negative epistasis between beneficial mutations in an evolving bacterial population},
journal = {Science},
volume = {332},
pages = {1193-1196},
year = {2011}
}
@article{ Fumag15,
author = {M. R. Fumagalli AND M. Osella AND P. Thomen AND F. Heslot AND M. C. Lagomarsino},
title = {Speed of evolution in large asexual populations with diminishing returns},
journal = {Journal of Theoretical Biology},
volume = {365},
pages = {23-31},
year = {2015}
}
@book{ Ewens04,
author = {W. J. Ewens},
title = {Mathematical Population Genetics: I. Theoretical Introduction},
publisher={Springer},
year = {2004}
}
@article{ LenskiEtAl91,
author={R. E. Lenski AND M. R. Rose AND S. C. Simpson AND S. C. Tadler},
title={Long term experimental evolution in e coli adaptation and divergence during 2000 generations},
journal={American Naturalist},
volume={138},
issue={6},
pages={1315-1341},
year={1991}
}
@article{ WisLen15,
author={M. J. Wiser AND R. E. Lenski},
title={A comparison of methods to measure fitness in Escherichia coli},
journal={PloS one},
volume={10},
issue={5},
pages={e0126210},
year={2015}
}
@article{ UeckerHerm11,
author={H. Uecker AND J. Hermisson},
title={On the fixation process of a beneficial mutation in a variable environment},
journal={Genetics},
volume={188},
issue={4},
pages={915-930},
year={2011},
}